@PREAMBLE{ "\newcommand{\Gathen}{\relax}\newcommand{\Hoeven}{\relax}" }

@InProceedings{	  ag07,
  author	= {Ashraf Abusharekh and Kris Gaj},
  title		= {Comparative Analysis of Software Libraries for Public Key
		  Cryptography},
  booktitle	= {Proc. Software Performance Enhancement for Encryption and
		  Decryption (SPEED)},
  year		= {2007},
  organization	= {European Network of Excellence in Cryptography (ECRYPT)}
}

@Article{	  bs02,
  author	= {William D. Banks and Igor E. Shparlinski},
  title		= {On the Number of Sparse {RSA} Exponents},
  journal	= {Journal of Number Theory},
  year		= {2002},
  volume	= {95},
  pages		= {340--350},
  number	= {2},
  doi		= {10.1006/jnth.2001.2775}
}

@TechReport{	  br11,
  author	= {Elaine Barker and Allen Roginsky},
  title		= {Transitions: Recommendation for Transitioning the Use of
		  Cryptographic Algorithms and Key Lengths},
  institution	= {Department of Commerce},
  year		= {2011},
  type		= {NIST Special Publication},
  number	= {800-131A},
  month		= jan
}

@InProceedings{	  dc09,
  author	= {Davenport, James H. and Carette, Jacques},
  title		= {The Sparsity Challenges},
  booktitle	= {Symbolic and Numeric Algorithms for Scientific Computing
		  (SYNASC), 2009 11th International Symposium on},
  year		= {2009},
  pages		= {3 -7},
  month		= sep,
  doi		= {10.1109/SYNASC.2009.62}
}

@Book{bz10,
  title = {Modern Computer Arithmetic},
  publisher = {Cambridge Univ. Press},
  year = {2010},
  author = {Richard Brent and Paul Zimmermann},
  number = {18},
  pages = {ix--221},
  series = {Cambridge Monographs on Applied and Computational Mathematics},
  month = {November},
}

@InProceedings{	  fur07,
  author	= {F{\"u}rer, Martin},
  title		= {Faster integer multiplication},
  booktitle	= {Proceedings of the thirty-ninth annual ACM symposium on
		  Theory of computing},
  year		= {2007},
  series	= {STOC '07},
  pages		= {57--66},
  address	= {New York, NY, USA},
  publisher	= {ACM},
  acmid		= {1250800},
  doi		= {10.1145/1250790.1250800},
  location	= {San Diego, California, USA},
  numpages	= {10}
}

@Article{	  gr10,
  author	= {Giesbrecht, Mark and Roche, Daniel},
  title		= {Interpolation of Shifted-Lacunary Polynomials},
  journal	= {Computational Complexity},
  year		= {2010},
  volume	= {19},
  pages		= {333--354},
  affiliation	= {School of Computer Science, University of Waterloo,
		  Waterloo, ON N2L 3G1, Canada},
  doi		= {10.1007/s00037-010-0294-0},
  issue		= {3},
  keyword	= {Computer Science},
  publisher	= {Birkhäuser Basel}
}

@Article{	  grt12,
  author	= {Giesbrecht, Mark and Roche, Daniel and Tilak, Hrushikesh},
  title		= {Computing Sparse Multiples of Polynomials},
  journal	= {Algorithmica},
  year		= {2012},
  volume	= {64},
  pages		= {454-480},
  doi		= {10.1007/s00453-012-9652-4},
  issue		= {3},
  keyword	= {Computer Science},
  publisher	= {Springer New York}
}

@InProceedings{	  gr07,
  author	= {Mark Giesbrecht and Daniel S. Roche},
  title		= {Interpolation of Shifted-Lacunary Polynomials [Extended
		  Abstract]},
  booktitle	= {Proc. Mathematical Aspects of Computer and Information
		  Sciences (MACIS) 2007},
  year		= {2007}
}

@InProceedings{	  gr08,
  author	= {Giesbrecht, Mark and Roche, Daniel S.},
  title		= {On lacunary polynomial perfect powers},
  booktitle	= {ISSAC '08: Proceedings of the twenty-first international
		  symposium on Symbolic and algebraic computation},
  year		= {2008},
  pages		= {103--110},
  address	= {New York, NY, USA},
  publisher	= {ACM},
  doi		= {10.1145/1390768.1390785},
  location	= {Linz/Hagenberg, Austria}
}

@Article{	  gr09,
  author	= {Mark Giesbrecht and Daniel S. Roche},
  title		= {Detecting lacunary perfect powers and computing their
		  roots},
  journal	= {Journal of Symbolic Computation},
  year		= {2011},
  volume	= {to appear},
  comments	= {to appear in Journal of Symbolic Computation (JSC), 2011},
  eprint	= {0901.1848},
  oai2identifier= {0901.1848},
  url		= {http://arxiv.org/abs/0901.1848}
}

@Article{	  gr11,
  author	= {Mark Giesbrecht and Daniel S. Roche},
  title		= {Detecting lacunary perfect powers and computing their
		  roots},
  journal	= {Journal of Symbolic Computation},
  year		= {2011},
  volume	= {46},
  pages		= {1242--1259},
  number	= {11},
  doi		= {10.1016/j.jsc.2011.08.006}
}

@Manual{	  go12,
  title		= {{GNU} Multiple Precision Arithmetic Library, The},
  author	= {Torbj{\"o}rn Granlund and others},
  organization	= {Free Software Foundation, Inc.},
  edition	= {5.0.5},
  month		= may,
  year		= {2012},
  url		= {http://gmplib.org/}
}

@InBook{	  hmv04,
  chapter	= {2: Finite Field Arithmetic},
  pages		= {25--74},
  title		= {Guide to elliptic curve cryptography},
  publisher	= {Springer-Verlag},
  year		= {2004},
  author	= {Hankerson, Darrel and Menezes, Alfred and Vanstone,
		  Scott},
  series	= {Springer Professional Computing},
  address	= {New York}
}

@Manual{	  hjp11,
  title		= {{FLINT}: {F}ast {L}ibrary for {N}umber {T}heory},
  author	= {William Hart and Fredrick Johansson and Sebastian
		  Pancratz},
  edition	= {version 2.0.0},
  month		= jan,
  year		= {2011},
  url		= {http://www.flintlib.org/}
}

@InProceedings{	  hr10,
  author	= {Harvey, David and Roche, Daniel S.},
  title		= {An in-place truncated {F}ourier transform and applications
		  to polynomial multiplication},
  booktitle	= {ISSAC '10: Proceedings of the 2010 International Symposium
		  on Symbolic and Algebraic Computation},
  year		= {2010},
  pages		= {325--329},
  address	= {New York, NY, USA},
  publisher	= {ACM},
  doi		= {10.1145/1837934.1837996},
  location	= {Munich, Germany}
}

@InProceedings{	  kk06,
  author	= {Kaltofen, Erich and Koiran, Pascal},
  title		= {Finding small degree factors of multivariate supersparse
		  (lacunary) polynomials over algebraic number fields},
  booktitle	= {ISSAC '06: Proceedings of the 2006 international symposium
		  on Symbolic and algebraic computation},
  year		= {2006},
  pages		= {162--168},
  address	= {New York, NY, USA},
  publisher	= {ACM},
  doi		= {10.1145/1145768.1145798},
  location	= {Genoa, Italy}
}

@Article{	  kl03,
  author	= {Erich Kaltofen and {Wen-shin} Lee},
  title		= {Early termination in sparse interpolation algorithms},
  journal	= {Journal of Symbolic Computation},
  year		= {2003},
  volume	= {36},
  pages		= {365--400},
  number	= {3-4},
  note		= {ISSAC 2002},
  doi		= {10.1016/S0747-7171(03)00088-9}
}

@Article{	  ko63,
  author	= {A. A. Karatsuba and Yu. Ofman},
  title		= {Multiplication of Multidigit Numbers on Automata},
  journal	= {Doklady Akademii Nauk SSSR},
  year		= {1963},
  volume	= {7},
  pages		= {595--596}
}

@Article{	  luc06,
  author	= {Florian Luca},
  title		= {Arithmetic properties of positive integers with fixed
		  digit sum},
  journal	= {Rev. Mat. Iberoamericana},
  year		= {2006},
  volume	= {22},
  pages		= {369--412},
  number	= {2}
}

@Article{	  mp10,
  author	= {Michael Monagan and Roman Pearce},
  title		= {Sparse polynomial division using a heap},
  journal	= {Journal of Symbolic Computation},
  year		= {2010},
  volume	= {In Press, Corrected Proof},
  doi		= {10.1016/j.jsc.2010.08.014}
}

@PhDThesis{	  mui04,
  author	= {Muir, James},
  title		= {Efficient Integer Representations for Cryptographic
		  Operations},
  school	= {University of Waterloo},
  year		= {2004},
  url		= {http://hdl.handle.net/10012/1099}
}

@TechReport{	  nis09,
  author	= {NIST, National Institute of Standards {and} Technology},
  title		= {{FIPS 186-3, Digital Signature Standard (DSS)}},
  institution	= {Department of Commerce},
  year		= {2009},
  month		= jun,
  key		= {FIPS 186-3},
  url		= {http://csrc.nist.gov/publications/fips/fips180-2/fips180-2withchangenotice.pdf}
		  
}

@Article{	  rei60,
  author	= {George W. Reitwiesner},
  title		= {Binary Arithmetic},
  journal	= {Advances in Computers},
  year		= {1960},
  pages		= {231--308}
}

@InProceedings{	  roc08,
  author	= {Daniel S. Roche},
  title		= {Adaptive Polynomial Multiplication},
  booktitle	= {Proc. Milestones in Computer Algebra (MICA)},
  year		= {2008},
  pages		= {65--72}
}

@InProceedings{	  roc09,
  author	= {Roche, Daniel S.},
  title		= {Space- and time-efficient polynomial multiplication},
  booktitle	= {ISSAC '09: Proceedings of the 2009 international symposium
		  on Symbolic and algebraic computation},
  year		= {2009},
  pages		= {295--302},
  address	= {New York, NY, USA},
  publisher	= {ACM},
  doi		= {10.1145/1576702.1576743},
  location	= {Seoul, Republic of Korea}
}

@Article{	  roc11,
  author	= {Daniel S. Roche},
  title		= {Chunky and equal-spaced polynomial multiplication},
  journal	= {Journal of Symbolic Computation},
  year		= {2011},
  volume	= {46},
  pages		= {791--806},
  number	= {7},
  month		= jul,
  doi		= {10.1016/j.jsc.2010.08.013}
}

@Article{	  ss71,
  author	= {Sch{\"o}nhage, A. and Strassen, V.},
  title		= {{Schnelle Multiplikation gro{\ss}er Zahlen}},
  journal	= {Computing},
  year		= {1971},
  volume	= {7},
  pages		= {281--292},
  affiliation	= {Universität Konstanz Fachbereich Mathematik Postfach 733
		  BRD-775 Konstanz Deutschland Postfach 733 BRD-775 Konstanz
		  Deutschland},
  doi		= {10.1007/BF02242355},
  issue		= {3},
  keyword	= {Computer Science},
  publisher	= {Springer Wien}
}

@Misc{		  sho09,
  author	= {Shoup, Victor},
  title		= {{NTL: A Library for doing Number Theory}},
  howpublished	= {Online},
  month		= aug,
  year		= {2009},
  note		= {Version 5.5.2},
  url		= {http://www.shop.net/ntl/}
}

@InProceedings{	  sp94,
  author	= {Srinivas, H.R. and Parhi, K.K.},
  title		= {Computer arithmetic architectures with redundant number
		  systems},
  booktitle	= {Signals, Systems and Computers, 1994 Conference Record of
		  the Twenty-Eighth Asilomar Conference on},
  year		= {1994},
  volume	= {1},
  pages		= {182--186},
  month		= nov,
  doi		= {10.1109/ACSSC.1994.471441}
}

@TechReport{	  us-12,
  author	= {US-CERT, United States Computer Emergency Readiness Team},
  title		= {{Vulnerability Note VU\#268267}},
  institution	= {Department of Homeland Security},
  year		= {2012},
  month		= oct,
  owner		= {roche},
  url		= {http://www.kb.cert.org/vuls/id/268267}
}

@InProceedings{	  vui09,
  author	= {Vuillemin, J.E.},
  title		= {Efficient Data Structure and Algorithms for Sparse
		  Integers, Sets and Predicates},
  booktitle	= {Computer Arithmetic, {ARITH 2009}, 19th IEEE Symposium
		  on},
  year		= {2009},
  pages		= {7--14},
  month		= jun,
  doi		= {10.1109/ARITH.2009.25}
}

@InProceedings{	  wgp03,
  author	= {Thomas Wollinger and Jorge Guajardo and Christof Paar},
  title		= {Cryptography in Embedded Systems: An Overview},
  booktitle	= {in Proc. of the Embedded World 2003 Exhibition and
		  Conference},
  year		= {2003},
  pages		= {735--744},
  address	= {Nuerenberg, Germany},
  month		= feb,
  organization	= {Design \& Elektronik}
}
